@book{Belousov2006,
  author    = {Белоусов, И. В.},
  title     = {МАТРИЦЫ и ОПРЕДЕЛИТЕЛИ: учебное пособие по линейной алгебре},
  edition   = {второе, исправленное и дополненное},
  publisher  = {Институт прикладной физики, Академии наук Республики Молдова},
  year      = {2006},
  address   = {Кишинев},
}
