@book{search,
  author = {Д.Э. Кнут},
  title = {Исскуство программирования, том 3. Сортировка и поиск, 2-е изд.},
  publisher = {ООО И.Д. Вильямс},
  year = {2009},
  address = {Москва},
  pages = {832}
}
