@book{Levitin2006,
  author = {Левитин, А. В.},
  title = {Алгоритмы. Введение в разработку и анализ},
  publisher = {Вильямс},
  address = {Москва},
  year = {2006},
  pages = {576},
}

@article{Boroznov2009,
  author    = {Борознов, В. О.},
  title     = {Исследование решения задачи коммивояжёра},
  journal   = {Вестник Астраханского государственного технического университета. Серия: Управление, вычислительная техника и информатика},
  year      = {2009},
  number    = {2},
  pages     = {147--151},
}

@article{Shtovba2003,
  author    = {Штовба, С. Д.},
  title     = {Муравьиные алгоритмы},
  journal   = {Exponenta Pro. Математика в приложениях},
  year      = {2003},
  number    = {4},
  pages     = {70--75},
}
