% Файл библиографии для списка использованных источников

@book{gafarov_paral,
  author = {Гафаров, Ф. М. and Галимянов, А. Ф.},
  title = {Параллельные вычисления: учеб. пособие},
  publisher = {Изд-во Казан. ун-та},
  year = {2018},
  address = {Казань},
  pages = {149}
}