@book{levenstein,
  author    = {Левенштейн В. И.},
  title     = {Двоичные коды с исправлением выпадений, вставок и замещений символов},
  volume    = {163},
  publisher = {Издательство «Наука»},
  series    = {Доклады АН СССР},
  year      = {1965},
  address   = {Москва}
}

@article{damerau,
  author    = {Damerau, F. A.},
  title     = {Technique for Computer Detection and Correction of Spelling Errors},
  journal   = {Communications of the ACM},
  year      = {1964},
  volume    = {7},
  number    = {3},
  pages     = {171--176}
}

@online{lev,
  title = {Задача о редакционном расстоянии, алгоритм Вагнера-Фишера},
  howpublished = "[Электронный ресурс]. Санкт-Петербург, 2022. URL: \url{https://neerc.ifmo.ru/wiki/index.php?title=%D0%97%D0%B0%D0%B4%D0%B0%D1%87%D0%B0_%D0%BE_%D1%80%D0%B5%D0%B4%D0%B0%D0%BA%D1%86%D0%B8%D0%BE%D0%BD%D0%BD%D0%BE%D0%BC_%D1%80%D0%B0%D1%81%D1%81%D1%82%D0%BE%D1%8F%D0%BD%D0%B8%D0%B8,_%D0%B0%D0%BB%D0%B3%D0%BE%D1%80%D0%B8%D1%82%D0%BC_%D0%92%D0%B0%D0%B3%D0%BD%D0%B5%D1%80%D0%B0-%D0%A4%D0%B8%D1%88%D0%B5%D1%80%D0%B0}. (Дата обращения: 09.12.2024)."
}

@online{damerau_levenstein,
  title = {Задача о расстоянии Дамерау-Левенштейна},
  howpublished = "[Электронный ресурс]. Санкт-Петербург, 2022. URL: \url{https://neerc.ifmo.ru/wiki/index.php?title=%D0%97%D0%B0%D0%B4%D0%B0%D1%87%D0%B0_%D0%BE_%D1%80%D0%B0%D1%81%D1%81%D1%82%D0%BE%D1%8F%D0%BD%D0%B8%D0%B8_%D0%94%D0%B0%D0%BC%D0%B5%D1%80%D0%B0%D1%83-%D0%9B%D0%B5%D0%B2%D0%B5%D0%BD%D1%88%D1%82%D0%B5%D0%B9%D0%BD%D0%B0}. (Дата обращения: 09.12.2024).",
}
